@misc{reutter,
      title={NEW IN EVERY DETAIL},
      url={https://www.kevinreutter.de/planny-4/},
      journal={Planny4},
      author={{Reutter, Kevin}},
      note={Accessed:05/03/2021},
      year={2020}
}

@misc{reutter_2020,
      title={Planny 4 - Smart To Do List}, url={https://apps.apple.com/lk/app/planny-4-smart-to-do-list/id1515324201#?platform=iphone},
      journal={App Store},
      publisher={Kevin Reutter},
      author={{Reutter, Kevin}},
      year={2020},
      month={Sep},
      note={Accessed:05/03/2021}
}

@misc{24me,
      title={Smart Personal Assistant},
      url={https://www.twentyfour.me/},
      journal={24me | Smart Personal Assistant},
      publisher={24me},
      note={Accessed:05/03/2021},
      year={2020}
}

@misc{any.do,
      title={To do list app with Calendar, Planner and Reminders},
      url={https://www.any.do/},
      journal={Any.do},
      publisher={Any.do},
      note={Accessed:08/03/2021},
      year={2011}
}
      
@misc{things_3,
      title={Things 3}, url={https://apps.apple.com/app/things-3/id904237743}, journal={App Store},
      publisher={Cultured Code GmbH and Co. KG},
      author={{Cultured Code GmbH Co. KG}},
      year={2017},
      month={May},
      note={Accessed:05/03/2021}
}

@misc{sorted,
      title={Sorted³ – How it Works},
      url={https://www.sortedapp.com/how-it-works}, journal={Sorted³},
      publisher={Sorted},
      author={{Sorted}},
      note={Accessed:08/03/2021},
      year={2021}
}

@misc{OmniFocus,
      title={Task Management Software Built For Pros - OmniFocus for iOS}, url={https://www.omnigroup.com/omnifocus/ios/},
      journal={Accomplish More Every Day},
      publisher={The Omni Group},
      author={{The Omni Group}},
      note={Accessed:05/03/2021},
      year={2021}
}

@misc{procrastinate,
      title={procrastinate}, url={https://dictionary.cambridge.org/dictionary/english/procrastinate}, journal={Cambridge Dictionary},
      publisher={Cambridge Dictionary},
      author={{Cambridge Dictionary}},
      note={Accessed:10/03/2021},
      year={2021}
}

@article{causes_of_procrastination_thakkar_2010,
         title={Why Procrastinate? An Investigation of the Root Causes Behind Procrastination},
         volume={4},
         url={http://opus.uleth.ca/bitstream/handle/10133/1241/Thakkar.pdf?sequence=1&isAllowed=y},
         number={2},
         journal={Lethbridge Undergraduate Research Journal},
         author={{Thakkar, Neal}},
         year={2010},
         month={Jun},
         pages={2–3},

}

@book{overcome_procrastination_ferrari_2010,
      title={Still Procrastinating?: the No Regrets Guide to Getting It Done}, url={https://www.google.co.uk/books/edition/AARP_Still_Procrastinating/NL2UwC6g78gC?hl=en&gbpv=1&pg=PT2&printsec=frontcover},
      publisher={John Wiley and Sons},
      author={{Ferrari, Joseph}},
      year={2010}
}

@article{TM_stress_macan_shahani_dipboye_phillips_1990,
         title={College students time management: Correlations with academic performance and stress.},
         volume={82}, url={https://psycnet.apa.org/fulltext/1991-13852-001.pdf?auth_token=8fb3bca134916f9949fd9a6bad4cac8319b3ab4a},
         DOI={10.1037/0022-0663.82.4.760},
         number={4},
         journal={Journal of Educational Psychology},
         author={{Macan, Therese H. and Shahani, Comila and Dipboye, Robert L. and Phillips, Amanda P.}},
         year={1990},
         pages={761}
}

@inbook{TM_productivity_luecke_2005,
        place={Boston, Massachusetts},
        chapter={Introduction}, url={http://alecoledelavie.com/accueil/vie_uploads/PMP_resources_2016/PMP_resources/6_HR/Effectiveness/Time_management_effectiveness/Time_management_increase_your_personal_productivity_and_effectiveness_by_harvard_business_school_publishing .pdf},
        title={Time Management - Increase Your Personal Productivity and Effectiveness},
        publisher={Harvard Business School Publisher Corporation},
        author={{Luecke, Richard}},
        year={2005},
        pages={6}
}

@misc{mvc_tutorialspoint,
      title={Design Patterns - MVC Pattern}, url={https://www.tutorialspoint.com/design_pattern/mvc_pattern.htm}, journal={Tutorialspoint},
      publisher={Tutorialspoint},
      author={{Tutorialspoint}},
      note={Accessed:10/03/2021},
      year={2021}
}

@misc{local_auth_apple,
      title={Local Authenticaion}, url={https://developer.apple.com/documentation/localauthentication}, journal={Apple Developer Documentation},
      publisher={Apple},
      author={{Apple}},
      note={Accessed:12/03/2021},
      year={2021}
}

@misc{combine_apple,
      title={Combine},
      url={https://developer.apple.com/documentation/Combine},
      journal={Apple Developer Documentation},
      publisher={Apple},
      author={{Apple}},
      note={Accessed:12/03/2021},
      year={2021}
}

@misc{foundation_apple,
      title={Foundation}, 
      url={https://developer.apple.com/documentation/foundation},
      journal={Apple Developer Documentation},
      publisher={Apple},
      author={{Apple}},
      note={Accessed:12/03/2021},
      year={2021}
}

@book{sommerville_2018,
      place={München},
      edition={9},
      title={Software Engineering},
      publisher={Pearson},
      author={{Sommerville, Ian}},
      year={2018}
}

@misc{intial_document_pike,
      title={Initial Document},
      author={{Pike, Sian}},
      year={2020}
}

@misc{ico_principles,
      title={The principles}, url={https://ico.org.uk/for-organisations/guide-to-data-protection/guide-to-the-general-data-protection-regulation-gdpr/principles/},
      journal={ICO},
      publisher={Information Commisioner's Office},
      author={{Information Commisioner's Office}},
      note={Accessed:26/03/2021},
      year={2021}
}

@misc{intellectual_property,
      title={Intellectual property and your work}, url={https://www.gov.uk/intellectual-property-an-overview},
      journal={GOV.UK},
      publisher={GOV.UK},
      author={{Service, Government Digital}},
      year={2014},
      month={Dec},
      note={Accessed:26/03/2021}
}

@misc{bcs,
      title={BCS Code of Conduct}, url={https://www.bcs.org/membership/become-a-member/bcs-code-of-conduct/}, journal={BCS},
      publisher={British Computer Society},
      author={{British Computer Society}},
      note={Accessed:26/03/2021},
      year={2021}
}

@misc{software_testing,
      title={Types of Software Testing: Different Testing Types with Details}, 
      url={https://www.softwaretestinghelp.com/types-of-software-testing/}, 
      journal={Software Testing Help}, 
      author={{Sujitha and Rohit and Kaur, Simran and Awan, Khalid Mehmood and Kk and Sathis18 and Shah, Juned and Zahra and Aman and Ndekere, Kiritu and et al.}}, 
      year={2021}, 
      month={Mar},
      note={Accessed:02/04/2021}
}

@misc{fermoya, 
      title={fermoya/SwiftUIPager},
      url={https://github.com/fermoya/SwiftUIPager},
      journal={GitHub},
      author={{Fermoya}},
      note={Accessed:14/04/2021},
      year={2021}
}

@misc{kvyatkovskys,
      title={kvyatkovskys/KVKCalendar}, url={https://github.com/kvyatkovskys/KVKCalendar},
      journal={GitHub},
      author={{Kvyatkovskys}},
      note={Accessed:14/04/2021},
      year={2021}
}